%% This BibTeX bibliography file was created using BibDesk.
%% http://bibdesk.sourceforge.net/


%% Created for Lauro Cesar Araujo at 2015-04-27 19:43:45 -0300 


%% Saved with string encoding Unicode (UTF-8) 
@article{blanc_ogc_2022,
	title = {{OGC} {API} {STATE} {OF} {PLAY} – {A} {PRACTICAL} {TESTBED} {FOR} {THE} {NATIONAL} {SPATIAL} {DATA} {INFRASTRUCTURE} {IN} {SWITZERLAND}},
	volume = {XLVIII-4/W1-2022},
	issn = {2194-9034},
	url = {https://isprs-archives.copernicus.org/articles/XLVIII-4-W1-2022/59/2022/},
	doi = {10.5194/isprs-archives-XLVIII-4-W1-2022-59-2022},
	abstract = {Interoperability standards from the Open Geospatial Consortium (OGC) shape a backbone within the OSGeo community by defining a pathway to software implementation toward the standardization of geospatial information and related services ensuring interoperability between FOSS4G software. In 2016, the OGC has initiated the creation of a new generation of standards based on the OpenAPI specifications to facilitate the integration of geospatial data in modern web applications and systems. From a practical perspective this paper intends to address the question how organizations and institutions anticipate to leverage this new generation of standards in order to deploy a geospatial data infrastructure. This issue is at the core of this article and at the center of a project that seeks to address the issue by running a Testbed Platform with a special focus to the Swiss context. To challenge these standards, the Testbed platform is configured to run a showcase with experimental cases about climate change. It is expected to bring good visibility toward all actors concerned by the Swiss standardization process and to raise interest from government stakeholders, technical or not, companies and universities as a community in synergy when considering the advances at the OGC.},
	language = {en},
	urldate = {2023-05-04},
	journal = {The International Archives of the Photogrammetry, Remote Sensing and Spatial Information Sciences},
	author = {Blanc, N. and Cannata, M. and Collombin, M. and Ertz, O. and Giuliani, G. and Ingensand, J.},
	month = aug,
	year = {2022},
	pages = {59--65},
	file = {Blanc et al. - 2022 - OGC API STATE OF PLAY – A PRACTICAL TESTBED FOR TH.pdf:/home/mauricio/Zotero/storage/TPT6DG8W/Blanc et al. - 2022 - OGC API STATE OF PLAY – A PRACTICAL TESTBED FOR TH.pdf:application/pdf},
}

@misc{dsg_geoportal_2023,
	title = {Geoportal - {Serviços} {OGC}},
	url = {https://bdgex.eb.mil.br/portal/index.php?option=com_content&view=article&id=77&Itemid=221&lang=pt},
	urldate = {2023-10-15},
	publisher = {Diretoria de Serviço Geográfico do Exército Brasileiro},
	author = {DSG},
	month = oct,
	year = {2023},
	file = {Geoportal - Serviços OGC:/home/mauricio/Zotero/storage/9GEKJR4F/index.html:text/html},
}

@misc{dsg_bdgex_2023,
	title = {{BDGEx} {\textbar} {Login}},
	url = {https://bdgex.eb.mil.br/bdgexapp},
	urldate = {2023-10-15},
	publisher = {Diretoria de Serviço Geográfico},
	author = {DSG},
	month = oct,
	year = {2023},
	file = {BDGEx | Login:/home/mauricio/Zotero/storage/9DUPQ5AZ/bdgexapp.html:text/html},
}


@misc{csw,
	type = {Implementation {Standard}},
	title = {{OGC}® {Catalogue} {Services} 3.0 - {General} {Model}},
	copyright = {Copyright © 2016 Open Geospatial Consortium To obtain additional rights of use, visit http://www.opengeospatial.org/legal/.},
	url = {https://docs.ogc.org/is/12-168r6/12-168r6.html},
	language = {English},
	urldate = {2023-10-15},
	publisher = {Open Geospatial Consortium},
	author = {Nebert, Douglas and Voges, Uwe and Bigagli, Lorenzo},
	month = jun,
	year = {2016},
}


@book{xavier_banco_2014,
	title = {Banco de dados geográficos do {Exército} {Brasileiro}: arquitetura e resultados},
	shorttitle = {Banco de dados geográficos do {Exército} {Brasileiro}},
	abstract = {O marco legal que instituiu a infra-estrutura brasileira de dados espaciais determina a publicação na internet de todos os dados geoespaciais pertencentes aos órgãos do Governo, bem como seus respectivos metadados. De forma a atender a essa demanda, a Diretoria de Serviço Geográfico do Exército Brasileiro desenvolveu o Banco de Dados Geográficos do Exército (BDGEx) como ferramenta de disponibilização. Construída sobre padrões e software abertos, a arquitetura do BDGEx se destaca por duas características: mediação e orientação a serviços. Este trabalho apresenta a solução desenvolvida bem como os resultados alcançados até o momento.},
	author = {Xavier, Emerson and Meyer, Wladimir and Lunardi, Omar},
	month = nov,
	year = {2014},
	file = {Full Text PDF:/home/mauricio/Zotero/storage/8DIXUATW/Xavier et al. - 2014 - Banco de dados geográficos do Exército Brasileiro.pdf:application/pdf},
}


@book{mgb,
	title = {Perfil de {Metadados} {Geoespaciais} do {Brasil}},
	publisher = {Comissão Nacional de Cartografia/Ministério do Planejamento},
	author = {CONCAR},
	year = {2020},
}


@book{pcdg,
	edition = {2ª Edição},
	title = {Especificação técnica para produtos de conjuntos de dados geoespaciais},
	shorttitle = {{ET}-{PCDG}},
	url = {http://www.geoportal.eb.mil.br/portal/images/PDF/ET_PCDG_2016_2aEdicao_Aprovada_Publicada_BE_7_16.pdf},
	publisher = {Diretoria de Serviço Geográfico/Ministério da Defesa},
	author = {DSG},
	year = {2016},
}

@misc{iso19139,
	title = {{ISO} 19139-1:2019 {Geographic} information - {XML} schema implementation},
	author = {{ISO}},
    publisher = {International Standards Organization},
	month = mar,
	year = {2019},
}

@misc{iso19115,
	title = {{ISO} 19115-1:2014 {Geographic} information - {Metadata}},
	author = {{ISO}},
    publisher = {International Standards Organization},
	month = apr,
	year = {2014},
}

@book{goldberg_xmlguia_2009,
	title = {{XML}–{Guia} prático visual},
	publisher = {Rio de Janeiro: Alta Books},
	author = {Goldberg, K. H.},
	year = {2009},
}

@article{xml_1997,
	title = {Extensible markup language ({XML})},
	volume = {2},
	shorttitle = {xml},
	number = {4},
	journal = {World Wide Web Journal},
	author = {Bray, Tim and Paoli, Jean and Sperberg-McQueen, C. Michael and Maler, Eve and Yergeau, François},
	year = {1997},
	note = {Publisher: Citeseer},
	pages = {27--66},
}


@misc{ogc_api_records,
	title = {{OGC} {API} - {Records} - {Part} 1: {Core} ({Draft})},
	url = {https://docs.ogc.org/DRAFTS/20-004.html},
	urldate = {2024-05-06},
	publisher = {Open Geospatial Consortium},
	author = {OGC},
	year = {2024},
	file = {OGC API - Records - Part 1\: Core:/home/mauricio/Zotero/storage/RTMT6DJI/20-004.html:text/html},
}


@phdthesis{vainikka_full-stack_2018,
	type = {Bachelor's {Thesis}},
	title = {Full-stack web development using {Django} {REST} framework and {React}},
	author = {Vainikka, Joel},
	year = {2018},
	note = {Publisher: Metropolia Ammattikorkeakoulu},
}

@misc{django,
	title = {Django},
	url = {https://djangoproject.com},
	author = {{Django Software Foundation}},
	month = may,
	year = {2019},
}


@misc{meta_react_2024,
	title = {React},
	url = {https://react.dev/},
	abstract = {React is the library for web and native user interfaces. Build user interfaces out of individual pieces called components written in JavaScript. React is designed to let you seamlessly combine components written by independent people, teams, and organizations.},
	language = {en},
	urldate = {2024-05-06},
	author = {META},
	year = {2024},
	file = {Snapshot:/home/mauricio/Zotero/storage/LXENZVXH/react.dev.html:text/html},
}

@book{nt_cmet,
	edition = {0.6.6},
	title = {Nota técnica para cadastro de metadados},
	shorttitle = {{NT}-{CMet}},
	publisher = {Diretoria de Serviço Geográfico/Ministério da Defesa},
	author = {DSG},
	year = {2020},
}

@article{fielding_2000,
	title = {Architectural Styles and the Design of Network-based Software Architectures},
	shorttitle = {xml},
	journal = {University of California Journal},
	author = {Fielding, R. T.},
	year = {2000}
}
